
@article{Abe:2016waf,
      author         = "Abe, K. and others",
      title          = "{Real-Time Supernova Neutrino Burst Monitor at
                        Super-Kamiokande}",
      collaboration  = "Super-Kamiokande",
      journal        = "Astropart. Phys.",
      volume         = "81",
      year           = "2016",
      pages          = "39-48",
      doi            = "10.1016/j.astropartphys.2016.04.003",
      eprint         = "1601.04778",
      archivePrefix  = "arXiv",
      primaryClass   = "astro-ph.HE",
      SLACcitation   = "%%CITATION = ARXIV:1601.04778;%%"
}


@article{Gava:2009pj,
      author         = "Gava, Jerome and Kneller, James and Volpe, Cristina and
                        McLaughlin, G. C.",
      title          = "{A Dynamical collective calculation of supernova neutrino
                        signals}",
      journal        = "Phys. Rev. Lett.",
      volume         = "103",
      year           = "2009",
      pages          = "071101",
      doi            = "10.1103/PhysRevLett.103.071101",
      eprint         = "0902.0317",
      archivePrefix  = "arXiv",
      primaryClass   = "hep-ph",
      SLACcitation   = "%%CITATION = ARXIV:0902.0317;%%"
}

@article{Haxton:1987kc,
      author         = "Haxton, W. C.",
      title          = "{The Nuclear Response of Water Cherenkov Detectors to
                        Supernova and Solar Neutrinos}",
      journal        = "Phys. Rev.",
      volume         = "D36",
      year           = "1987",
      pages          = "2283",
      doi            = "10.1103/PhysRevD.36.2283",
      reportNumber   = "DOE-ER-40048-30-N7",
      SLACcitation   = "%%CITATION = PHRVA,D36,2283;%%"
}


@article{Kachelriess:2004ds,
      author         = "Kachelriess, M. and Tomas, Ricard and Buras, R. and
                        Janka, H. -Th. and Marek, A. and Rampp, M.",
      title          = "{Exploiting the neutronization burst of a galactic
                        supernova}",
      journal        = "Phys. Rev.",
      volume         = "D71",
      year           = "2005",
      pages          = "063003",
      doi            = "10.1103/PhysRevD.71.063003",
      eprint         = "astro-ph/0412082",
      archivePrefix  = "arXiv",
      primaryClass   = "astro-ph",
      reportNumber   = "MPP-2004-144, J-MPA-1717E, J-MPA1717E",
      SLACcitation   = "%%CITATION = ASTRO-PH/0412082;%%"
}


@article{Langanke:1995he,
      author         = "Langanke, K. and Vogel, P. and Kolbe, E.",
      title          = "{Signal for supernova muon-neutrino and tau-neutrino
                        neutrinos in water Cherenkov detectors}",
      journal        = "Phys. Rev. Lett.",
      volume         = "76",
      year           = "1996",
      pages          = "2629-2632",
      doi            = "10.1103/PhysRevLett.76.2629",
      eprint         = "nucl-th/9511032",
      archivePrefix  = "arXiv",
      primaryClass   = "nucl-th",
      reportNumber   = "MAP-187",
      SLACcitation   = "%%CITATION = NUCL-TH/9511032;%%"
}


@article{Tomas:2003xn,
      author         = "Tomas, R. and Semikoz, D. and Raffelt, G. G. and
                        Kachelriess, M. and Dighe, A. S.",
      title          = "{Supernova pointing with low-energy and high-energy
                        neutrino detectors}",
      journal        = "Phys. Rev.",
      volume         = "D68",
      year           = "2003",
      pages          = "093013",
      doi            = "10.1103/PhysRevD.68.093013",
      eprint         = "hep-ph/0307050",
      archivePrefix  = "arXiv",
      primaryClass   = "hep-ph",
      reportNumber   = "MPP-2003-21",
      SLACcitation   = "%%CITATION = HEP-PH/0307050;%%"
}


@article{Totani:1997vj,
      author         = "Totani, T. and Sato, K. and Dalhed, H. E. and Wilson, J.
                        R.",
      title          = "{Future detection of supernova neutrino burst and
                        explosion mechanism}",
      journal        = "Astrophys. J.",
      volume         = "496",
      year           = "1998",
      pages          = "216-225",
      doi            = "10.1086/305364",
      eprint         = "astro-ph/9710203",
      archivePrefix  = "arXiv",
      primaryClass   = "astro-ph",
      reportNumber   = "UTAP-276-97, RESCEU-42-97",
      SLACcitation   = "%%CITATION = ASTRO-PH/9710203;%%"
}
