@article{patt09,
    author  =   "R.B. Patterson et al.",
     title  =   "The Extended-track reconstruction for MiniBooNE",
   journal  =   "Nucl. Instrum. Meth. A",
  fjournal  =   "Nuclear Instruments and Methods in Physics Research Section A",
    volume  =   "608",
      year  =   "2009",
    number  =   "1",
     pages  =   "206--224",
      issn  =   "",
   mrclass  =   "",
  mrnumber  =   ""}

@misc{learn09,
  author    =   "J.G. Learned",
  title     =   "High Energy Neutrino Physics with Liquid Scintillation Detectors ",
  year      =   "2009",
  note      =   "arXiv:0902.4009"}

@misc{pelt09,
  author    =   "J. Peltoniemi",
  title     =   "Liquid scintillator as tracking detector for high-energy events ",
  year      =   "2009",
  note      =   "arXiv:0909.4974"}

@article{Learned:2009rv,
      author         = "Learned, John G.",
      title          = "{High Energy Neutrino Physics with Liquid Scintillation
                        Detectors}",
      year           = "2009",
      eprint         = "0902.4009",
      archivePrefix  = "arXiv",
      primaryClass   = "hep-ex",
      SLACcitation   = "%%CITATION = ARXIV:0902.4009;%%"
}

@article{Peltoniemi:2009xx,
      author         = "Peltoniemi, Juha",
      title          = "{Liquid scintillator as tracking detector for high-energy
                        events}",
      year           = "2009",
      eprint         = "0909.4974",
      archivePrefix  = "arXiv",
      primaryClass   = "physics.ins-det",
      SLACcitation   = "%%CITATION = ARXIV:0909.4974;%%"
}

@article{ODonnell:2008dty,
      author         = "O'Donnell, Thomas",
      title          = "{Muon tracking for optimized background rejection at
                        KamLAND}",
      booktitle      = "{Proceedings, 23rd International Conference on Neutrino
                        Physics and Astrophysics (Neutrino 2008): Christchurch,
                        New Zealand, May 26-31, 2008}",
      collaboration  = "KamLAND",
      journal        = "J. Phys. Conf. Ser.",
      volume         = "136",
      year           = "2008",
      pages          = "042013",
      doi            = "10.1088/1742-6596/136/4/042013",
      SLACcitation   = "%%CITATION = 00462,136,042013;%%"
}

@mastersthesis{stempfle13,
  author    =   "Tobias Stempfle",
  title     =   "Reconstruction of Spatially Extended Events in Borexino",
  school    =   "Technical University Munich",
  address   =   "Germany",
  year      =   "2013"}

@phdthesis{hellg15,
  author    =   "D.A. Hellgartner",
  title     =   "Advanced Event Reconstruction in LENA and Precision Attenuation-Length Measurements in Liquid Scintillators",
  school    =   "Technical University Munich",
  address   =   "Germany",
  year      =   "2015"}

@article{Wonsak:2018uby,
      author         = "Wonsak, Bj??rn S. and Hagner, Caren I. and Hellgartner,
                        Dominikus A. and Loo, Kai and Lorenz, Sebastian and
                        Meyhoefer, David J. and Oberauer, Lothar and Rebber,
                        Henning and Trzaska, Wladyslaw H. and Wurm, Michael",
      title          = "{Topological track reconstruction in unsegmented,
                        large-volume liquid scintillator detectors}",
      journal        = "JINST",
      volume         = "13",
      year           = "2018",
      number         = "07",
      pages          = "P07005",
      doi            = "10.1088/1748-0221/13/07/P07005",
      eprint         = "1803.08802",
      archivePrefix  = "arXiv",
      primaryClass   = "physics.ins-det",
      SLACcitation   = "%%CITATION = ARXIV:1803.08802;%%"
}

@article{Wurm:2011zn,
      author         = "Wurm, Michael and others",
      title          = "{The next-generation liquid-scintillator neutrino
                        observatory LENA}",
      collaboration  = "LENA",
      journal        = "Astropart. Phys.",
      volume         = "35",
      year           = "2012",
      pages          = "685-732",
      doi            = "10.1016/j.astropartphys.2012.02.011",
      eprint         = "1104.5620",
      archivePrefix  = "arXiv",
      primaryClass   = "astro-ph.IM",
      SLACcitation   = "%%CITATION = ARXIV:1104.5620;%%"
}

@article{An:2015jdp,
      author         = "An, Fengpeng and others",
      title          = "{Neutrino Physics with JUNO}",
      collaboration  = "JUNO",
      journal        = "J. Phys.",
      volume         = "G43",
      year           = "2016",
      number         = "3",
      pages          = "030401",
      doi            = "10.1088/0954-3899/43/3/030401",
      eprint         = "1507.05613",
      archivePrefix  = "arXiv",
      primaryClass   = "physics.ins-det",
      SLACcitation   = "%%CITATION = ARXIV:1507.05613;%%"
}
 
@mastersthesis{meyh16,
  author    =   "D.J. Meyhoefer",
  title     =   "Vertex reconstruction in large liquid scintillator detectors",
  school    =   "University of Hamburg",
  address   =   "Germany",
  year      =   "2016"}

@misc{seib14,
  author    =   "S. Seibert et al.",
  title     =   "Reactor Analysis Tool -- Plus Additional Codes",
  year      =   "2014",
  note      =   "\url{http://rat.readthedocs.io/en/latest/#}."}

@article{Gann:2015fba,
      author         = "Orebi Gann, Gabriel D.",
      title          = "{Physics Potential of an Advanced Scintillation Detector:
                        Introducing THEIA}",
      collaboration  = "THEIA Interest Group",
      year           = "2015",
      eprint         = "1504.08284",
      archivePrefix  = "arXiv",
      primaryClass   = "physics.ins-det",
      SLACcitation   = "%%CITATION = ARXIV:1504.08284;%%"
}

@article{Liu:2018fpq,
      author         = "Liu, Qin and He, Miao and Ding, Xuefeng and Wen,
                        Liangjian and Li, Weidong and Peng, Haiping",
      title          = "{A vertex reconstruction algorithm in the central
                        detector of JUNO}",
      year           = "2018",
      note           = "arXiv:1803.09394",
      eprint         = "1803.09394",
      archivePrefix  = "arXiv",
      primaryClass   = "physics.ins-det",
      SLACcitation   = "%%CITATION = ARXIV:1803.09394;%%"
}

@article{Schwarz:2018rxs,
      author         = "Schwarz, Mario and Franke, Sabrina M. and Oberauer,
                        Lothar and Plein, Miriam D. and Steiger, Hans Th. J. and
                        Tippmann, Marc",
      title          = "{Measurements of the Lifetime of Orthopositronium in the
                        LAB-Based Liquid Scintillator of JUNO}",
      year           = "2018",
      note           = "arXiv:1804.09456",
      eprint         = "1804.09456",
      archivePrefix  = "arXiv",
      primaryClass   = "physics.ins-det",
      SLACcitation   = "%%CITATION = ARXIV:1804.09456;%%"
}

@misc{hart16,
  author    =   "Daniel Hartwig",
  title     =   "Richtungsbestimmung von Elektronen und Unterscheidung zu Myonen bei hohen Energien in gro??en Fl??ssigszintillationsdetektoren (in German)",
  year      =   "2016",
  note = "Bachelor thesis, University of Hamburg, Germany"
}

@article{Ahmad:2002jz,
      author         = "Ahmad, Q. R. and others",
      title          = "{Direct evidence for neutrino flavor transformation from
                        neutral current interactions in the Sudbury Neutrino
                        Observatory}",
      collaboration  = "SNO",
      journal        = "Phys. Rev. Lett.",
      volume         = "89",
      year           = "2002",
      pages          = "011301",
      doi            = "10.1103/PhysRevLett.89.011301",
      eprint         = "nucl-ex/0204008",
      archivePrefix  = "arXiv",
      primaryClass   = "nucl-ex",
      SLACcitation   = "%%CITATION = NUCL-EX/0204008;%%"
}

@article{Aberle:2014,
      author         = "Aberle, C. and Elagin, A. and Frisch, H. J. and Wetstein,
                        M. and Winslow, L.",
      title          = "{Measuring Directionality in Double-Beta Decay and
                        Neutrino Interactions with Kiloton-Scale Scintillation
                        Detectors}",
      journal        = "JINST",
      volume         = "9",
      year           = "2014",
      pages          = "P06012",
      doi            = "10.1088/1748-0221/9/06/P06012",
      eprint         = "1307.5813",
      archivePrefix  = "arXiv",
      primaryClass   = "physics.ins-det",
      SLACcitation   = "%%CITATION = ARXIV:1307.5813;%%"
}

@article{Andringa:2015tza,
      author         = "Andringa, S. and others",
      title          = "{Current Status and Future Prospects of the SNO+
                        Experiment}",
      collaboration  = "SNO+",
      journal        = "Adv. High Energy Phys.",
      volume         = "2016",
      year           = "2016",
      pages          = "6194250",
      doi            = "10.1155/2016/6194250",
      eprint         = "1508.05759",
      archivePrefix  = "arXiv",
      primaryClass   = "physics.ins-det",
      SLACcitation   = "%%CITATION = ARXIV:1508.05759;%%"
}

@article{Genster:2018caz,
      author         = "Genster, C. and Schever, M. and Ludhova, L. and Soiron,
                        M. and Stahl, A. and Wiebusch, C.",
      title          = "{Muon reconstruction with a geometrical model in JUNO}",
      journal        = "JINST",
      volume         = "13",
      year           = "2018",
      number         = "03",
      pages          = "T03003",
      doi            = "10.1088/1748-0221/13/03/T03003",
      SLACcitation   = "%%CITATION = JINST,13,T03003;%%"
}

@article{Zhang:2018kag,
      author         = "Zhang, Kun and He, Miao and Li, Weidong and Xu, Jilei",
      title          = "{Muon Tracking with the fastest light in the JUNO Central
                        Detector}",
      journal        = "Radiat Detect Technol Methods",
      volume         = "",
      year           = "",
      number         = "",
      pages          = "",
      note         = "(2018) 2: 13",
      doi            = "10.1007/s41605-018-0040-8",
      eprint         = "1803.10407",
      archivePrefix  = "arXiv",
      primaryClass   = "physics.ins-det",
      SLACcitation   = "%%CITATION = ARXIV:1803.10407;%%"
}


@article{Elagin:2016zgp,
      author         = "Elagin, Andrey and Frisch, Henry and Naranjo, Brian and
                        Ouellet, Jonathan and Winslow, Lindley and Wongjirad,
                        Taritree",
      title          = "{Separating Double-Beta Decay Events from Solar Neutrino
                        Interactions in a Kiloton-Scale Liquid Scintillator
                        Detector By Fast Timing}",
      journal        = "Nucl. Instrum. Meth.",
      volume         = "A849",
      year           = "2017",
      pages          = "102-111",
      doi            = "10.1016/j.nima.2016.12.033",
      eprint         = "1609.09865",
      archivePrefix  = "arXiv",
      primaryClass   = "physics.ins-det",
      SLACcitation   = "%%CITATION = ARXIV:1609.09865;%%"
}

@article{Missert:2017qdz,
      author         = "Missert, Andrew D.",
      title          = "{Improving the T2K Oscillation Analysis with fiTQun: A
                        New Maximum-Likelihood Event Reconstruction for
                        Super-Kamiokande}",
      booktitle      = "{Proceedings, 27th International Conference on Neutrino
                        Physics and Astrophysics (Neutrino 2016): London, United
                        Kingdom, July 4-9, 2016}",
      collaboration  = "T2K",
      journal        = "J. Phys. Conf. Ser.",
      volume         = "888",
      year           = "2017",
      number         = "1",
      pages          = "012066",
      doi            = "10.1088/1742-6596/888/1/012066",
      SLACcitation   = "%%CITATION = 00462,888,012066;%%"
}

@article{Abe:2015awa,
      author         = "Abe, K. and others",
      title          = "{Measurements of neutrino oscillation in appearance and
                        disappearance channels by the T2K experiment with
                        6.6??10$^{20}$ protons on target}",
      collaboration  = "T2K",
      journal        = "Phys. Rev.",
      volume         = "D91",
      year           = "2015",
      number         = "7",
      pages          = "072010",
      doi            = "10.1103/PhysRevD.91.072010",
      eprint         = "1502.01550",
      archivePrefix  = "arXiv",
      primaryClass   = "hep-ex",
      SLACcitation   = "%%CITATION = ARXIV:1502.01550;%%"
}

@article{Goon:2012if,
      author         = "Goon, J. and others",
      title          = "{The Long Baseline Neutrino Experiment (LBNE) Water
                        Cherenkov Detector (WCD) Conceptual Design Report (CDR)}",
      collaboration  = "LBNE",
      year           = "2012",
      eprint         = "1204.2295",
      archivePrefix  = "arXiv",
      primaryClass   = "physics.ins-det",
      SLACcitation   = "%%CITATION = ARXIV:1204.2295;%%"
}

@misc{bwon18,
  author    =   "B. Wonsak et al.",
  title     =   "3D topological reconstruction in liquid scintillator detectors",
  year      =   "2018",
  note      =   "Proceedings of 5th International Solar Neutrino Conference, Dresden, to be published."
}

@inproceedings{Wonsak_Dresden,
  author      = "B. S. Wonsak  and  others",
  title       = "{3D topological reconstruction in liquid scintillator detectors}",
  editor      = "M. Meyer and K. Zuber",
  booktitle   = "Solar Neutrinos: Proceedings of the 5th International Solar Neutrino Conference",
  publisher   = "World Scientific",
  address     = "Singapore",
  year        = 2019,
  pages       = "445-463",
  chapter     = "",
  URL = {https://www.worldscientific.com/doi/abs/10.1142/9789811204296_0028},
  eprint = {https://www.worldscientific.com/doi/pdf/10.1142/9789811204296_0028},
  doi = {10.1142/9789811204296_0028},
}

@article{Li:2018,
      author         = "Li, Aobo and Elagin, Andrey and Fraker, Suzannah and Grant, Chris and Winslow, Lindley",
      title          = "{Suppression of Cosmic Muon Spallation Backgrounds in Liquid Scintillator Detectors Using Convolutional Neural Networks}",
      year           = "2018",
      journal        = "arXiv",
      volume         = "1812.02906",
      eprint         = "1812.02906",
      archivePrefix  = "arXiv",
      primaryClass   = "physics.ins-det"
}

@article{Dunger:2019dfo,
      author         = "Dunger, Jack and Biller, Steven D.",
      title          = "{Multi-site Event Discrimination in Large Liquid
                        Scintillation Detectors}",
      year           = "2019",
      eprint         = "1904.00440",
      archivePrefix  = "arXiv",
      primaryClass   = "physics.ins-det",
      SLACcitation   = "%%CITATION = ARXIV:1904.00440;%%"
}

@article{Jiang:2019xwn,
      author         = "Jiang, M. and others",
      title          = "{Atmospheric Neutrino Oscillation Analysis With Improved
                        Event Reconstruction in Super-Kamiokande IV}",
      collaboration  = "Super-Kamiokande",
      year           = "2019",
      eprint         = "1901.03230",
      archivePrefix  = "arXiv",
      primaryClass   = "hep-ex",
      SLACcitation   = "%%CITATION = ARXIV:1901.03230;%%"
}

@article{Jiang:2019cnb,
      author         = "Jiang, Runyu and Elagin, Andrey",
      title          = "{Space-Time Discriminant to Separate Double-Beta Decay
                        from $^8$B Solar Neutrinos in Liquid Scintillator}",
      year           = "2019",
      eprint         = "1902.06912",
      archivePrefix  = "arXiv",
      primaryClass   = "physics.ins-det",
      SLACcitation   = "%%CITATION = ARXIV:1902.06912;%%"
}

@article{LSND_diluted_scintillator,
      author         = "Reeder, R. A. and others",
      title          = "{Dilute scintillators for large volume tracking
                        detectors}",
      journal        = "Nucl. Instrum. Meth.",
      volume         = "A334",
      year           = "1993",
      pages          = "353-366",
      doi            = "10.1016/0168-9002(93)90796-K"
}

@inproceedings{Smy,
  author="{M. Smy for the Super-Kamiokande Collaboration}",
  title="{Low Energy Event Reconstruction and Selection in Super-Kamiokande-III}",
  booktitle="{Proceedings of the 30th International Cosmic Ray Conference}",
  year="{2008}",
  editor="{R.~Caballero, J.C.~D'Olivo, G.~Medina-Tanco, L.~Nellen, F.A.~S\'{a}nchez, J.F.~Vald\'{e}s-Galicia}",
  volume={5},
  pages={1279-1282},
}

@inproceedings{Smy_bibtex_from_inspire,
      author         = "Smy, Michael",
      title          = "{Low  Energy Event Reconstruction and Selection in
                        Super-Kamiokande-III}",
      booktitle      = "{Proceedings, 30th International Cosmic Ray Conference
                        (ICRC 2007): Merida, Yucatan, Mexico, July 3-11, 2007}",
      collaboration  = "SUPER–KAMIOKANDE",
      year           = "2007",
      url            = "http://indico.nucleares.unam.mx/contributionDisplay.py?contribId=213&confId=4",
      volume         = "5",
      pages          = "1279-1282",
      SLACcitation   = "%%CITATION = INSPIRE-1371616;%%"
}

@article{Smy_Method_in_PRD,
  title = {Solar neutrino measurements in Super-Kamiokande-II},
  author = {Cravens, J. P. and others},
  collaboration = {The Super-Kamiokande Collaboration},
  journal = {Phys. Rev. D},
  volume = {78},
  issue = {3},
  pages = {032002},
  numpages = {11},
  year = {2008},
  month = {Aug},
  publisher = {American Physical Society},
  doi = {10.1103/PhysRevD.78.032002},
  url = {https://link.aps.org/doi/10.1103/PhysRevD.78.032002}
}